@Book{Aharoni2000,
 author = {Aharoni, Amikam},
 title = {Introduction to the theory of ferromagnetism},
 publisher = {Oxford University Press},
 year = {2000},
 address = {Oxford New York},
 isbn = {978-0198508090}
}
