@book{jackson2007classical,
  title={Classical Electrodynamics},
  author={Jackson, J.D.},
  isbn={9788126510948},
  url={https://books.google.com/books?id=8qHCZjJHRUgC},
  year={2007},
  publisher={Wiley}
}

@article{FFTW,
 author = {Frigo, Matteo},
 title = {A Fast Fourier Transform Compiler},
 journal = {SIGPLAN Not.},
 issue_date = {May 1999},
 volume = {34},
 number = {5},
 month = may,
 year = {1999},
 issn = {0362-1340},
 pages = {169--180},
 numpages = {12},
 url = {http://doi.acm.org/10.1145/301631.301661},
 doi = {10.1145/301631.301661},
 acmid = {301661},
 publisher = {ACM},
 address = {New York, NY, USA},
} 
