@book{wonderland,
  title={Alice's Adventures in Wonderland},
  author={Carroll, L.},
  lccn={77002487},
  series={Macmillan's sixpenny series},
  url={https://books.google.com/books?id=CLoNAAAAYAAJ},
  year={1898},
  publisher={Macmillan}
}
