
@article{Greengard1987,
title = "A fast algorithm for particle simulations",
journal = "Journal of Computational Physics",
volume = "73",
number = "2",
pages = "325 - 348",
year = "1987",
issn = "0021-9991",
doi = "https://doi.org/10.1016/0021-9991(87)90140-9",
url = "http://www.sciencedirect.com/science/article/pii/0021999187901409",
author = "L Greengard and V Rokhlin"
}

@article{Bleszynski1996,
author={E. Bleszynski and M. Bleszynski and T. Jaroszewicz},
journal={Radio Science},
title={AIM: Adaptive integral method for solving large-scale electromagnetic scattering and radiation problems},
year={1996},
volume={31},
number={5},
pages={1225-1251},
keywords={Algorithm design and analysis;Canning;Complexity theory;Electromagnetic scattering;Integral equations;Method of moments;Surface impedance},
doi={10.1029/96RS02504},
ISSN={1944-799X},
month={Sept},}

@article{Yilmaz2004,
author={A. E. Yilmaz and Jian-Ming Jin and E. Michielssen},
journal={IEEE Transactions on Antennas and Propagation},
title={Time domain adaptive integral method for surface integral equations},
year={2004},
volume={52},
number={10},
pages={2692-2708},
keywords={backscatter;computational complexity;conducting bodies;electric field integral equations;electromagnetic wave scattering;error correction;fast Fourier transforms;interpolation;magnetic field integral equations;parallel processing;time-domain analysis;transient analysis;FFT;auxiliary grid computing;backscatterer surface;computational complexity;distributed-memory computer cluster;electric field integral equation;electromagnetic scattering;error correction;fast solver;fast-Fourier transform;homogenous medium;interpolation;magnetic field integral equation;marching-on-in-time scheme;memory requirement;message-passing interface;parallel processing;perfectly conducting surface;quasiplanar structure;space-time source;spatial-temporal degrees of freedom;surface current density;surface integral equation;time domain adaptive integral method;transient analysis;transient field;Electromagnetic analysis;Electromagnetic scattering;Electromagnetic transients;Flexible printed circuits;Frequency domain analysis;Grid computing;Integral equations;Magnetic analysis;Magnetic domains;Transient analysis;Electromagnetic scattering;fast solvers;integral equations;parallel processing;time domain analysis},
doi={10.1109/TAP.2004.834399},
ISSN={0018-926X},
month={Oct},
}

@Book{Allen1975,
  Title                    = {Optical Resonance and Two-level Atoms},
  Author                   = {Allen, L. and Eberly, J.H.},
  Publisher                = {Dover},
  Year                     = {1975},
  Series                   = {Dover books on physics and chemistry},

  ISBN                     = {9780486655338},
  Lccn                     = {87019985},
  Owner                    = {connor},
  Timestamp                = {2017.05.03},
  Url                      = {https://books.google.com/books?id=1q0ae-XNmWwC}
}

@book{NumericalRecipes,
 author = {Press, William H. and Teukolsky, Saul A. and Vetterling, William T. and Flannery, Brian P.},
 title = {Numerical Recipes 3rd Edition: The Art of Scientific Computing},
 year = {2007},
 isbn = {0521880688, 9780521880688},
 edition = {3},
 publisher = {Cambridge University Press},
 address = {New York, NY, USA},
} 
